<record><leader>00000cas a22000007a 4500</leader><controlfield tag="001">14062665</controlfield><controlfield tag="008">860807d19061925txuwr ne      0    0eng d</controlfield><datafield ind1=" " ind2=" " tag="010"><subfield code="a">sn 86088156 </subfield></datafield><datafield ind1=" " ind2=" " tag="040"><subfield code="a">PPM</subfield><subfield code="b">eng</subfield><subfield code="c">PPM</subfield><subfield code="d">OCLCQ</subfield></datafield><datafield ind1=" " ind2=" " tag="042"><subfield code="a">msc</subfield></datafield><datafield ind1="0" ind2=" " tag="130"><subfield code="a">Center Point news (Center Point, Tex.)</subfield></datafield><datafield ind1="1" ind2="0" tag="245"><subfield code="a">Center Point news.</subfield></datafield><datafield ind1=" " ind2=" " tag="260"><subfield code="a">Center Point, Tex. :</subfield><subfield code="b">H.D. Whiteman</subfield></datafield><datafield ind1=" " ind2=" " tag="300"><subfield code="a">v.</subfield></datafield><datafield ind1=" " ind2=" " tag="310"><subfield code="a">Weekly</subfield></datafield><datafield ind1="1" ind2=" " tag="362"><subfield code="a">Began in 1906?</subfield></datafield><datafield ind1="1" ind2=" " tag="362"><subfield code="a">Ceased in Oct. 1925.</subfield></datafield><datafield ind1=" " ind2=" " tag="580"><subfield code="a">Consolidated with: Kerrville times, Oct. 29, 1925.</subfield></datafield><datafield ind1=" " ind2=" " tag="588"><subfield code="a">Description based on: Vol. 2, no. 21 (July 27, 1907).</subfield></datafield><datafield ind1=" " ind2=" " tag="752"><subfield code="a">United States</subfield><subfield code="b">Texas</subfield><subfield code="c">Kerr</subfield><subfield code="d">Center Point.</subfield></datafield><datafield ind1="1" ind2="4" tag="785"><subfield code="t">Kerrville times</subfield></datafield></record>